<?xml version="1.0" encoding="UTF-8"?><collection xmlns="http://www.loc.gov/MARC21/slim"><record><leader>00508nam--2200169-i-4500</leader><controlfield tag="001">000003724</controlfield><controlfield tag="002">20161230</controlfield><controlfield tag="005">20170122000956</controlfield><controlfield tag="008">060222s1000------------r-----000-0-eng-d</controlfield><datafield ind1=" " ind2=" " tag="100"><subfield code="a">Baker, V. H</subfield></datafield><datafield ind1=" " ind2=" " tag="245"><subfield code="a">Some effects of accelerated electrons or catho de rays on certain insects. Part II</subfield></datafield><datafield ind1=" " ind2=" " tag="260"><subfield code="a">Michigan</subfield><subfield code="b">State College</subfield><subfield code="c">1953-1954</subfield></datafield><datafield ind1=" " ind2=" " tag="300"><subfield code="a">P. 449-461</subfield></datafield><datafield ind1=" " ind2=" " tag="490"><subfield code="a">Repr. From Quaterly Bulletin-mich Agric Statio N 1953</subfield></datafield><datafield ind1=" " ind2=" " tag="700"><subfield code="a">Wiant, E</subfield></datafield><datafield ind1=" " ind2=" " tag="852"><subfield code="a">4799</subfield></datafield><datafield ind1=" " ind2=" " tag="CAT"><subfield code="a">SYS</subfield><subfield code="c">20170122</subfield><subfield code="h">000956</subfield></datafield></record></collection>